
@article{rnm,
	title        = {Relational Neural Machines},
	author       = {Marra, Giuseppe and Diligenti, Michelangelo and Giannini, Francesco and Gori, Marco and Maggini, Marco}
}
@article{harris1954distributional,
	title        = {Distributional structure},
	author       = {Harris, Zellig S},
	year         = 1954,
	journal      = {Word},
	publisher    = {Taylor \& Francis},
	volume       = 10,
	number       = {2-3},
	pages        = {146--162}
}
@article{pal1991fuzzy,
	title        = {Fuzzy logic and approximate reasoning: An overview},
	author       = {Pal, Sankar K and Mandal, Deba Prasad},
	year         = 1991,
	journal      = {IETE Journal of Research},
	publisher    = {Taylor \& Francis},
	volume       = 37,
	number       = {5-6},
	pages        = {548--560}
}
% FROM HERE
@inproceedings{MUC6,
	title        = {Appendix {C}: Named Entity Task Definition (v2.1)},
	year         = 1995,
	booktitle    = {Sixth Message Understanding Conference ({MUC}-6): Proceedings of a Conference Held in {C}olumbia, {M}aryland, November 6-8, 1995},
	url          = {https://aclanthology.org/M95-1024}
}
@article{hajek1998basic,
	title        = {Basic fuzzy logic and BL-algebras},
	author       = {H{\'a}jek, Petr},
	year         = 1998,
	journal      = {Soft computing},
	publisher    = {Springer},
	volume       = 2,
	number       = 3,
	pages        = {124--128}
}
@article{yeast,
	title        = {Combining microarray expression data and phylogenetic profiles to learn gene functional categories using support vector machines},
	author       = {Pavlidis, Paul and Grundy, William Noble},
	year         = 2000
}
@inproceedings{Fleischman2001AutomatedSO,
	title        = {Automated Subcategorization of Named Entities},
	author       = {Michael Fleischman},
	year         = 2001,
	booktitle    = {ACL}
}
@inproceedings{fleischman2002fine,
	title        = {Fine Grained Classification of Named Entities},
	author       = {Fleischman, Michael  and Hovy, Eduard},
	year         = 2002,
	booktitle    = {{COLING} 2002: The 19th International Conference on Computational Linguistics},
	url          = {https://aclanthology.org/C02-1130}
}
@inproceedings{citeseer,
	title        = {Link-based Classification},
	author       = {Qing Lu and Lise Getoor},
	year         = 2003,
	booktitle    = {Machine Learning, Proceedings of the Twentieth International Conference {(ICML} 2003), August 21-24, 2003, Washington, DC, {USA}},
	publisher    = {{AAAI} Press},
	pages        = {496--503},
	url          = {http://www.aaai.org/Library/ICML/2003/icml03-066.php},
	bibsource    = {dblp computer science bibliography, https://dblp.org},
	biburl       = {https://dblp.org/rec/conf/icml/LuG03.bib},
	editor       = {Tom Fawcett and Nina Mishra},
	timestamp    = {Thu, 13 Dec 2012 00:00:00 +0100}
}
@article{bbnCoreference,
	title        = {BBN pronoun coreference and entity type corpus},
	author       = {Weischedel, Ralph and Brunstein, Ada},
	year         = 2005,
	journal      = {Linguistic Data Consortium, Philadelphia},
	volume       = 112
}
@article{markovLogicNetworks,
	title        = {Markov logic networks},
	author       = {Richardson, Matthew and Domingos, Pedro},
	year         = 2006,
	journal      = {Machine learning},
	publisher    = {Springer},
	volume       = 62,
	number       = {1-2},
	pages        = {107--136}
}
@inproceedings{emotions,
	title        = {Multi-label classification of music into emotions.},
	author       = {Trohidis, Konstantinos and Tsoumakas, Grigorios and Kalliris, George and Vlahavas, Ioannis P and others},
	year         = 2008,
	booktitle    = {ISMIR},
	volume       = 8,
	pages        = {325--330}
}
@inproceedings{rahman2010,
	title        = {Inducing Fine-Grained Semantic Classes via Hierarchical and Collective Classification},
	author       = {Rahman, Altaf and Ng, Vincent},
	year         = 2010,
	booktitle    = {Proceedings of the 23rd International Conference on Computational Linguistics},
	location     = {Beijing, China},
	publisher    = {Association for Computational Linguistics},
	address      = {USA},
	series       = {COLING '10},
	pages        = {931–939},
	numpages     = 9
}
@inproceedings{Nickel2011Rescal,
	title        = {A Three-Way Model for Collective Learning on Multi-Relational Data},
	author       = {Nickel, Maximilian and Tresp, Volker and Kriegel, Hans-Peter},
	year         = 2011,
	booktitle    = {Proceedings of the 28th International Conference on International Conference on Machine Learning},
	location     = {Bellevue, Washington, USA},
	publisher    = {Omnipress},
	address      = {Madison, WI, USA},
	series       = {ICML'11},
	pages        = {809–816},
	isbn         = 9781450306195,
	numpages     = 8
}
@inproceedings{yosef-etal-2012-hyena,
	title        = {{HYENA}: Hierarchical Type Classification for Entity Names},
	author       = {Yosef, Mohamed Amir  and Bauer, Sandro  and Hoffart, Johannes  and Spaniol, Marc  and Weikum, Gerhard},
	year         = 2012,
	month        = dec,
	booktitle    = {Proceedings of {COLING} 2012: Posters},
	publisher    = {The COLING 2012 Organizing Committee},
	address      = {Mumbai, India},
	pages        = {1361--1370},
	url          = {https://aclanthology.org/C12-2133}
}

@inproceedings{Ling2012FineGrainedER,
	title        = {Fine-Grained Entity Recognition},
	author       = {Xiao Ling and Daniel S. Weld},
	year         = 2012,
	booktitle    = {Proceedings of the Twenty-Sixth {AAAI} Conference on Artificial Intelligence, July 22-26, 2012, Toronto, Ontario, Canada},
	publisher    = {{AAAI} Press},
	url          = {http://www.aaai.org/ocs/index.php/AAAI/AAAI12/paper/view/5152},
	bibsource    = {dblp computer science bibliography, https://dblp.org},
	biburl       = {https://dblp.org/rec/conf/aaai/LingW12.bib},
	editor       = {J{\"{o}}rg Hoffmann and Bart Selman},
	timestamp    = {Thu, 16 Aug 2012 01:00:00 +0200}
}
@book{novak2012mathematical,
	title        = {Mathematical principles of fuzzy logic},
	author       = {Nov{\'a}k, Vil{\'e}m and Perfilieva, Irina and Mockor, Jiri},
	year         = 2012,
	publisher    = {Springer Science \& Business Media},
	volume       = 517
}
@proceedings{choi,
	title        = {Proceedings of the 50th Annual Meeting of the Association for Computational Linguistics (Volume 1: Long Papers)},
	year         = 2012,
	publisher    = {Association for Computational Linguistics},
	address      = {Jeju Island, Korea},
	url          = {https://aclanthology.org/P12-1000},
	editor       = {Li, Haizhou  and Lin, Chin-Yew  and Osborne, Miles  and Lee, Gary Geunbae  and Park, Jong C.}
}
@inproceedings{luong2013better,
	title        = {Better Word Representations with Recursive Neural Networks for Morphology},
	author       = {Luong, Thang  and Socher, Richard  and Manning, Christopher},
	year         = 2013,
	booktitle    = {Proceedings of the Seventeenth Conference on Computational Natural Language Learning},
	publisher    = {Association for Computational Linguistics},
	address      = {Sofia, Bulgaria},
	pages        = {104--113},
	url          = {https://aclanthology.org/W13-3512}
}
@article{mikolov2013efficient,
	title        = {Efficient estimation of word representations in vector space},
	author       = {Mikolov, Tomas and Chen, Kai and Corrado, Greg and Dean, Jeffrey},
	year         = 2013,
	journal      = {arXiv preprint arXiv:1301.3781},
	url          = {https://arxiv.org/abs/1301.3781}
}
@inproceedings{pennington2014glove,
	title        = {{G}lo{V}e: Global Vectors for Word Representation},
	author       = {Pennington, Jeffrey  and Socher, Richard  and Manning, Christopher},
	year         = 2014,
	booktitle    = {Proceedings of the 2014 Conference on Empirical Methods in Natural Language Processing ({EMNLP})},
	publisher    = {Association for Computational Linguistics},
	address      = {Doha, Qatar},
	pages        = {1532--1543},
	doi          = {10.3115/v1/D14-1162},
	url          = {https://aclanthology.org/D14-1162}
}
@article{ontonotes,
	title        = {Context-dependent fine-grained entity type tagging},
	author       = {Gillick, Dan and Lazic, Nevena and Ganchev, Kuzman and Kirchner, Jesse and Huynh, David},
	year         = 2014,
	journal      = {arXiv preprint arXiv:1412.1820},
	url          = {https://arxiv.org/abs/1412.1820}
}

@inproceedings{yogatama-etal-2015-embedding,
	title        = {Embedding Methods for Fine Grained Entity Type Classification},
	author       = {Yogatama, Dani  and Gillick, Daniel  and Lazic, Nevena},
	year         = 2015,
	booktitle    = {Proceedings of the 53rd Annual Meeting of the Association for Computational Linguistics and the 7th International Joint Conference on Natural Language Processing (Volume 2: Short Papers)},
	publisher    = {Association for Computational Linguistics},
	address      = {Beijing, China},
	pages        = {291--296},
	doi          = {10.3115/v1/P15-2048},
	url          = {https://aclanthology.org/P15-2048}
}
@inproceedings{ren-etal-2016-afet,
	title        = {{AFET}: Automatic Fine-Grained Entity Typing by Hierarchical Partial-Label Embedding},
	author       = {Ren, Xiang  and He, Wenqi  and Qu, Meng  and Huang, Lifu  and Ji, Heng  and Han, Jiawei},
	year         = 2016,
	booktitle    = {Proceedings of the 2016 Conference on Empirical Methods in Natural Language Processing},
	publisher    = {Association for Computational Linguistics},
	address      = {Austin, Texas},
	pages        = {1369--1378},
	doi          = {10.18653/v1/D16-1144},
	url          = {https://aclanthology.org/D16-1144}
}
@inproceedings{shimaoka2016attentive,
	title        = {An Attentive Neural Architecture for Fine-grained Entity Type Classification},
	author       = {Shimaoka, Sonse  and Stenetorp, Pontus  and Inui, Kentaro  and Riedel, Sebastian},
	year         = 2016,
	booktitle    = {Proceedings of the 5th Workshop on Automated Knowledge Base Construction},
	publisher    = {Association for Computational Linguistics},
	address      = {San Diego, CA},
	pages        = {69--74},
	doi          = {10.18653/v1/W16-1313},
	url          = {https://aclanthology.org/W16-1313}
}
@inproceedings{trouillon2016complex,
	title        = {Complex Embeddings for Simple Link Prediction},
	author       = {Trouillon, Th\'{e}o and Welbl, Johannes and Riedel, Sebastian and Gaussier, \'{E}ric and Bouchard, Guillaume},
	year         = 2016,
	location     = {New York, NY, USA},
	publisher    = {JMLR.org},
	series       = {ICML'16},
	pages        = {2071–2080},
	numpages     = 10
}
@article{wordpiece,
	title        = {Google's neural machine translation system: Bridging the gap between human and machine translation},
	author       = {Wu, Yonghui and Schuster, Mike and Chen, Zhifeng and Le, Quoc V and Norouzi, Mohammad and Macherey, Wolfgang and Krikun, Maxim and Cao, Yuan and Gao, Qin and Macherey, Klaus and others},
	year         = 2016,
	journal      = {arXiv preprint arXiv:1609.08144},
	url          = {https://arxiv.org/abs/1609.08144}
}
@inproceedings{harnessingDeepNeuralNetworks,
	title        = {Harnessing Deep Neural Networks with Logic Rules},
	author       = {Hu, Zhiting  and Ma, Xuezhe  and Liu, Zhengzhong  and Hovy, Eduard  and Xing, Eric},
	year         = 2016,
	booktitle    = {Proceedings of the 54th Annual Meeting of the Association for Computational Linguistics (Volume 1: Long Papers)},
	publisher    = {Association for Computational Linguistics},
	address      = {Berlin, Germany},
	pages        = {2410--2420},
	doi          = {10.18653/v1/P16-1228},
	url          = {https://aclanthology.org/P16-1228}
}

@inproceedings{ma-etal-2016-label,
	title        = {Label Embedding for Zero-shot Fine-grained Named Entity Typing},
	author       = {Ma, Yukun  and Cambria, Erik  and Gao, Sa},
	year         = 2016,
	month        = dec,
	booktitle    = {Proceedings of {COLING} 2016, the 26th International Conference on Computational Linguistics: Technical Papers},
	publisher    = {The COLING 2016 Organizing Committee},
	address      = {Osaka, Japan},
	pages        = {171--180},
	url          = {https://aclanthology.org/C16-1017}
}
@inproceedings{ren2016noise,
	title        = {Label Noise Reduction in Entity Typing by Heterogeneous Partial-Label Embedding},
	author       = {Xiang Ren and Wenqi He and Meng Qu and Clare R. Voss and Heng Ji and Jiawei Han},
	year         = 2016,
	booktitle    = {Proceedings of the 22nd {ACM} {SIGKDD} International Conference on Knowledge Discovery and Data Mining, San Francisco, CA, USA, August 13-17, 2016},
	publisher    = {{ACM}},
	pages        = {1825--1834},
	doi          = {10.1145/2939672.2939822},
	url          = {https://doi.org/10.1145/2939672.2939822},
	bibsource    = {dblp computer science bibliography, https://dblp.org},
	biburl       = {https://dblp.org/rec/conf/kdd/RenHQVJH16.bib},
	editor       = {Balaji Krishnapuram and Mohak Shah and Alexander J. Smola and Charu C. Aggarwal and Dou Shen and Rajeev Rastogi},
	timestamp    = {Tue, 06 Nov 2018 00:00:00 +0100}
}
@inproceedings{vrd,
	title        = {Visual relationship detection with language priors},
	author       = {Lu, Cewu and Krishna, Ranjay and Bernstein, Michael and Fei-Fei, Li},
	year         = 2016,
	booktitle    = {European conference on computer vision},
	pages        = {852--869},
	organization = {Springer}
}
@inproceedings{vaswani2017attention,
	title        = {Attention is All you Need},
	author       = {Ashish Vaswani and Noam Shazeer and Niki Parmar and Jakob Uszkoreit and Llion Jones and Aidan N. Gomez and Lukasz Kaiser and Illia Polosukhin},
	year         = 2017,
	booktitle    = {Advances in Neural Information Processing Systems 30: Annual Conference on Neural Information Processing Systems 2017, December 4-9, 2017, Long Beach, CA, {USA}},
	pages        = {5998--6008},
	url          = {https://proceedings.neurips.cc/paper/2017/hash/3f5ee243547dee91fbd053c1c4a845aa-Abstract.html},
	bibsource    = {dblp computer science bibliography, https://dblp.org},
	biburl       = {https://dblp.org/rec/conf/nips/VaswaniSPUJGKP17.bib},
	editor       = {Isabelle Guyon and Ulrike von Luxburg and Samy Bengio and Hanna M. Wallach and Rob Fergus and S. V. N. Vishwanathan and Roman Garnett},
	timestamp    = {Thu, 21 Jan 2021 00:00:00 +0100}
}
@article{deepProlog,
	title        = {Deep Prolog: End-to-end Differentiable Proving in Knowledge Bases},
	author       = {Rockt{\"a}schel, Tim},
	year         = 2017,
	journal      = {AITP 2017},
	pages        = 9
}
@inproceedings{abhishek-etal-2017-fine,
	title        = {Fine-Grained Entity Type Classification by Jointly Learning Representations and Label Embeddings},
	author       = {Abhishek, Abhishek  and Anand, Ashish  and Awekar, Amit},
	year         = 2017,
	month        = apr,
	booktitle    = {Proceedings of the 15th Conference of the {E}uropean Chapter of the Association for Computational Linguistics: Volume 1, Long Papers},
	publisher    = {Association for Computational Linguistics},
	address      = {Valencia, Spain},
	pages        = {797--807},
	url          = {https://aclanthology.org/E17-1075}
}
@inproceedings{shimaoka2016neural,
	title        = {Neural Architectures for Fine-grained Entity Type Classification},
	author       = {Shimaoka, Sonse  and Stenetorp, Pontus  and Inui, Kentaro  and Riedel, Sebastian},
	year         = 2017,
	booktitle    = {Proceedings of the 15th Conference of the {E}uropean Chapter of the Association for Computational Linguistics: Volume 1, Long Papers},
	publisher    = {Association for Computational Linguistics},
	address      = {Valencia, Spain},
	pages        = {1271--1280},
	url          = {https://aclanthology.org/E17-1119}
}
@article{sbr,
	title        = {Semantic-based regularization for learning and inference},
	author       = {Diligenti, Michelangelo and Gori, Marco and Sacca, Claudio},
	year         = 2017,
	journal      = {Artificial Intelligence},
	publisher    = {Elsevier},
	volume       = 244,
	pages        = {143--165}
}
@inproceedings{semanticLoss,
	title        = {A Semantic Loss Function for Deep Learning with Symbolic Knowledge},
	author       = {Jingyi Xu and Zilu Zhang and Tal Friedman and Yitao Liang and Guy Van den Broeck},
	year         = 2018,
	booktitle    = {Proceedings of the 35th International Conference on Machine Learning, {ICML} 2018, Stockholmsm{\"{a}}ssan, Stockholm, Sweden, July 10-15, 2018},
	publisher    = {{PMLR}},
	series       = {Proceedings of Machine Learning Research},
	volume       = 80,
	pages        = {5498--5507},
	url          = {http://proceedings.mlr.press/v80/xu18h.html},
	bibsource    = {dblp computer science bibliography, https://dblp.org},
	biburl       = {https://dblp.org/rec/conf/icml/XuZFLB18.bib},
	editor       = {Jennifer G. Dy and Andreas Krause},
	timestamp    = {Wed, 03 Apr 2019 01:00:00 +0200}
}
@inproceedings{deepproblog,
	title        = {DeepProbLog: Neural Probabilistic Logic Programming},
	author       = {Robin Manhaeve and Sebastijan Dumancic and Angelika Kimmig and Thomas Demeester and Luc De Raedt},
	year         = 2018,
	booktitle    = {Advances in Neural Information Processing Systems 31: Annual Conference on Neural Information Processing Systems 2018, NeurIPS 2018, December 3-8, 2018, Montr{\'{e}}al, Canada},
	pages        = {3753--3763},
	url          = {https://proceedings.neurips.cc/paper/2018/hash/dc5d637ed5e62c36ecb73b654b05ba2a-Abstract.html},
	bibsource    = {dblp computer science bibliography, https://dblp.org},
	biburl       = {https://dblp.org/rec/conf/nips/ManhaeveDKDR18.bib},
	editor       = {Samy Bengio and Hanna M. Wallach and Hugo Larochelle and Kristen Grauman and Nicol{\`{o}} Cesa{-}Bianchi and Roman Garnett},
	timestamp    = {Thu, 21 Jan 2021 00:00:00 +0100}
}
@inproceedings{murty-etal-2018-hierarchical,
	title        = {Hierarchical Losses and New Resources for Fine-grained Entity Typing and Linking},
	author       = {Murty, Shikhar  and Verga, Patrick  and Vilnis, Luke  and Radovanovic, Irena  and McCallum, Andrew},
	year         = 2018,
	month        = jul,
	booktitle    = {Proceedings of the 56th Annual Meeting of the Association for Computational Linguistics (Volume 1: Long Papers)},
	publisher    = {Association for Computational Linguistics},
	address      = {Melbourne, Australia},
	pages        = {97--109},
	doi          = {10.18653/v1/P18-1010},
	url          = {https://aclanthology.org/P18-1010}
}
@article{gpt,
	title        = {Improving language understanding by generative pre-training},
	author       = {Radford, Alec and Narasimhan, Karthik and Salimans, Tim and Sutskever, Ilya},
	year         = 2018
}
@article{liftedRelationaNeuralNetworks,
	title        = {Lifted relational neural networks: Efficient learning of latent relational structures},
	author       = {Sourek, Gustav and Aschenbrenner, Vojtech and Zelezny, Filip and Schockaert, Steven and Kuzelka, Ondrej},
	year         = 2018,
	journal      = {Journal of Artificial Intelligence Research},
	volume       = 62,
	pages        = {69--100}
}
@article{campero2018logical,
	title        = {Logical rule induction and theory learning using neural theorem proving},
	author       = {Campero, Andres and Pareja, Aldo and Klinger, Tim and Tenenbaum, Josh and Riedel, Sebastian},
	year         = 2018,
	journal      = {arXiv preprint arXiv:1809.02193},
	url          = {https://arxiv.org/abs/1809.02193}
}

@inproceedings{xu-barbosa-2018-neural,
	title        = {Neural Fine-Grained Entity Type Classification with Hierarchy-Aware Loss},
	author       = {Xu, Peng  and Barbosa, Denilson},
	year         = 2018,
	month        = jun,
	booktitle    = {Proceedings of the 2018 Conference of the North {A}merican Chapter of the Association for Computational Linguistics: Human Language Technologies, Volume 1 (Long Papers)},
	publisher    = {Association for Computational Linguistics},
	address      = {New Orleans, Louisiana},
	pages        = {16--25},
	doi          = {10.18653/v1/N18-1002},
	url          = {https://aclanthology.org/N18-1002}
}
@inproceedings{devlin-etal-2019-bert,
	title        = {{BERT}: Pre-training of Deep Bidirectional Transformers for Language Understanding},
	author       = {Devlin, Jacob  and Chang, Ming-Wei  and Lee, Kenton  and Toutanova, Kristina},
	year         = 2019,
	month        = jun,
	booktitle    = {Proceedings of the 2019 Conference of the North {A}merican Chapter of the Association for Computational Linguistics: Human Language Technologies, Volume 1 (Long and Short Papers)},
	publisher    = {Association for Computational Linguistics},
	address      = {Minneapolis, Minnesota},
	pages        = {4171--4186},
	doi          = {10.18653/v1/N19-1423},
	url          = {https://aclanthology.org/N19-1423}
}
@inproceedings{dl2,
	title        = {{DL2:} Training and Querying Neural Networks with Logic},
	author       = {Marc Fischer and Mislav Balunovic and Dana Drachsler{-}Cohen and Timon Gehr and Ce Zhang and Martin T. Vechev},
	year         = 2019,
	booktitle    = {Proceedings of the 36th International Conference on Machine Learning, {ICML} 2019, 9-15 June 2019, Long Beach, California, {USA}},
	publisher    = {{PMLR}},
	series       = {Proceedings of Machine Learning Research},
	volume       = 97,
	pages        = {1931--1941},
	url          = {http://proceedings.mlr.press/v97/fischer19a.html},
	bibsource    = {dblp computer science bibliography, https://dblp.org},
	biburl       = {https://dblp.org/rec/conf/icml/FischerBDGZV19.bib},
	editor       = {Kamalika Chaudhuri and Ruslan Salakhutdinov},
	timestamp    = {Tue, 11 Jun 2019 01:00:00 +0200}
}
@inproceedings{liSrikumar,
	title        = {Augmenting Neural Networks with First-order Logic},
	author       = {Li, Tao  and Srikumar, Vivek},
	year         = 2019,
	booktitle    = {Proceedings of the 57th Annual Meeting of the Association for Computational Linguistics},
	publisher    = {Association for Computational Linguistics},
	address      = {Florence, Italy},
	pages        = {292--302},
	doi          = {10.18653/v1/P19-1028},
	url          = {https://aclanthology.org/P19-1028}
}
@inproceedings{abl,
	title        = {Bridging Machine Learning and Logical Reasoning by Abductive Learning},
	author       = {Wang{-}Zhou Dai and Qiu{-}Ling Xu and Yang Yu and Zhi{-}Hua Zhou},
	year         = 2019,
	booktitle    = {Advances in Neural Information Processing Systems 32: Annual Conference on Neural Information Processing Systems 2019, NeurIPS 2019, December 8-14, 2019, Vancouver, BC, Canada},
	pages        = {2811--2822},
	url          = {https://proceedings.neurips.cc/paper/2019/hash/9c19a2aa1d84e04b0bd4bc888792bd1e-Abstract.html},
	bibsource    = {dblp computer science bibliography, https://dblp.org},
	biburl       = {https://dblp.org/rec/conf/nips/DaiX0Z19.bib},
	editor       = {Hanna M. Wallach and Hugo Larochelle and Alina Beygelzimer and Florence d'Alch{\'{e}}{-}Buc and Emily B. Fox and Roman Garnett},
	timestamp    = {Thu, 21 Jan 2021 00:00:00 +0100}
}
@article{distilbert,
	title        = {DistilBERT, a distilled version of BERT: smaller, faster, cheaper and lighter},
	author       = {Sanh, Victor and Debut, Lysandre and Chaumond, Julien and Wolf, Thomas},
	year         = 2019,
	journal      = {arXiv preprint arXiv:1910.01108},
	url          = {https://arxiv.org/abs/1910.01108}
}
@article{Sanh2019DistilBERTAD,
	title        = {DistilBERT, a distilled version of BERT: smaller, faster, cheaper and lighter},
	author       = {Victor Sanh and Lysandre Debut and Julien Chaumond and Thomas Wolf},
	year         = 2019,
	journal      = {ArXiv},
	volume       = {abs/1910.01108}
}

@inproceedings{lopez-etal-2019-fine,
	title        = {Fine-Grained Entity Typing in Hyperbolic Space},
	author       = {L{\'o}pez, Federico  and Heinzerling, Benjamin  and Strube, Michael},
	year         = 2019,
	month        = aug,
	booktitle    = {Proceedings of the 4th Workshop on Representation Learning for NLP (RepL4NLP-2019)},
	publisher    = {Association for Computational Linguistics},
	address      = {Florence, Italy},
	pages        = {169--180},
	doi          = {10.18653/v1/W19-4319},
	url          = {https://aclanthology.org/W19-4319}
}
@article{dlm,
	title        = {Integrating learning and reasoning with deep logic models},
	author       = {Marra, Giuseppe and Giannini, Francesco and Diligenti, Michelangelo and Gori, Marco},
	year         = 2019,
	journal      = {arXiv preprint arXiv:1901.04195},
	url          = {https://arxiv.org/abs/1901.04195}
}

@inproceedings{kenn,
	title        = {Knowledge enhanced neural networks},
	author       = {Daniele, Alessandro and Serafini, Luciano},
	year         = 2019,
	booktitle    = {Pacific Rim International Conference on Artificial Intelligence},
	pages        = {542--554},
	organization = {Springer}
}

@article{daniele2021neural,
  title={Neural Networks Enhancement with Logical Knowledge},
  author       = {Daniele, Alessandro and Serafini, Luciano},
  journal={arXiv preprint arXiv:2009.06087},
  year={2021}
}

@article{lyrics,
	title        = {Lyrics: A general interface layer to integrate logic inference and deep learning},
	author       = {Marra, Giuseppe and Giannini, Francesco and Diligenti, Michelangelo and Gori, Marco},
	year         = 2019,
	journal      = {arXiv preprint arXiv:1903.07534},
	url          = {https://arxiv.org/abs/1903.07534}
}
@inproceedings{wu2019,
	title        = {Modeling Noisy Hierarchical Types in Fine-Grained Entity Typing: A Content-Based Weighting Approach},
	author       = {Wu, Junshuang and Zhang, Richong and Mao, Yongyi  and Guo, Hongyu and Huai, Jinpeng},
	year         = 2019,
	month        = 7,
	booktitle    = {Proceedings of the Twenty-Eighth International Joint Conference on Artificial Intelligence, {IJCAI-19}},
	publisher    = {International Joint Conferences on Artificial Intelligence Organization},
	pages        = {5264--5270},
	doi          = {10.24963/ijcai.2019/731},
	url          = {https://doi.org/10.24963/ijcai.2019/731}
}

@inproceedings{nlrl,
	title        = {Neural Logic Reinforcement Learning},
	author       = {Zhengyao Jiang and Shan Luo},
	year         = 2019,
	booktitle    = {Proceedings of the 36th International Conference on Machine Learning, {ICML} 2019, 9-15 June 2019, Long Beach, California, {USA}},
	publisher    = {{PMLR}},
	series       = {Proceedings of Machine Learning Research},
	volume       = 97,
	pages        = {3110--3119},
	url          = {http://proceedings.mlr.press/v97/jiang19a.html},
	bibsource    = {dblp computer science bibliography, https://dblp.org},
	biburl       = {https://dblp.org/rec/conf/icml/JiangL19.bib},
	editor       = {Kamalika Chaudhuri and Ruslan Salakhutdinov},
	timestamp    = {Tue, 11 Jun 2019 01:00:00 +0200}
}
@article{neuralMarkovLogicNetworks,
	title        = {Neural markov logic networks},
	author       = {Marra, Giuseppe and Ku{\v{z}}elka, Ond{\v{r}}ej},
	year         = 2019,
	journal      = {arXiv preprint arXiv:1905.13462},
	url          = {https://arxiv.org/abs/1905.13462}
}
@inproceedings{houlsby2019parameter,
	title        = {Parameter-Efficient Transfer Learning for {NLP}},
	author       = {Neil Houlsby and Andrei Giurgiu and Stanislaw Jastrzebski and Bruna Morrone and Quentin de Laroussilhe and Andrea Gesmundo and Mona Attariyan and Sylvain Gelly},
	year         = 2019,
	booktitle    = {Proceedings of the 36th International Conference on Machine Learning, {ICML} 2019, 9-15 June 2019, Long Beach, California, {USA}},
	publisher    = {{PMLR}},
	series       = {Proceedings of Machine Learning Research},
	volume       = 97,
	pages        = {2790--2799},
	url          = {http://proceedings.mlr.press/v97/houlsby19a.html},
	bibsource    = {dblp computer science bibliography, https://dblp.org},
	biburl       = {https://dblp.org/rec/conf/icml/HoulsbyGJMLGAG19.bib},
	editor       = {Kamalika Chaudhuri and Ruslan Salakhutdinov},
	timestamp    = {Tue, 11 Jun 2019 01:00:00 +0200}
}
@inproceedings{probabilisticLogicNeuralNetworks,
	title        = {Probabilistic Logic Neural Networks for Reasoning},
	author       = {Meng Qu and Jian Tang},
	year         = 2019,
	booktitle    = {Advances in Neural Information Processing Systems 32: Annual Conference on Neural Information Processing Systems 2019, NeurIPS 2019, December 8-14, 2019, Vancouver, BC, Canada},
	pages        = {7710--7720},
	url          = {https://proceedings.neurips.cc/paper/2019/hash/13e5ebb0fa112fe1b31a1067962d74a7-Abstract.html},
	bibsource    = {dblp computer science bibliography, https://dblp.org},
	biburl       = {https://dblp.org/rec/conf/nips/Qu019.bib},
	editor       = {Hanna M. Wallach and Hugo Larochelle and Alina Beygelzimer and Florence d'Alch{\'{e}}{-}Buc and Emily B. Fox and Roman Garnett},
	timestamp    = {Thu, 21 Jan 2021 00:00:00 +0100}
}

@inproceedings{satnet,
	title        = {SATNet: Bridging deep learning and logical reasoning using a differentiable satisfiability solver},
	author       = {Po{-}Wei Wang and Priya L. Donti and Bryan Wilder and J. Zico Kolter},
	year         = 2019,
	booktitle    = {Proceedings of the 36th International Conference on Machine Learning, {ICML} 2019, 9-15 June 2019, Long Beach, California, {USA}},
	publisher    = {{PMLR}},
	series       = {Proceedings of Machine Learning Research},
	volume       = 97,
	pages        = {6545--6554},
	url          = {http://proceedings.mlr.press/v97/wang19e.html},
	bibsource    = {dblp computer science bibliography, https://dblp.org},
	biburl       = {https://dblp.org/rec/conf/icml/WangDWK19.bib},
	editor       = {Kamalika Chaudhuri and Ruslan Salakhutdinov},
	timestamp    = {Tue, 11 Jun 2019 01:00:00 +0200}
}
@article{marra2019t,
	title        = {T-Norms Driven Loss Functions for Machine Learning},
	author       = {Marra, Giuseppe and Giannini, Francesco and Diligenti, Michelangelo and Maggini, Marco and Gori, Marco},
	year         = 2019,
	journal      = {arXiv preprint arXiv:1907.11468},
	url          = {https://arxiv.org/abs/1907.11468}
}
@inproceedings{pfeiffer-etal-2020-mad,
	title        = {{MAD-X}: {A}n {A}dapter-{B}ased {F}ramework for {M}ulti-{T}ask {C}ross-{L}ingual {T}ransfer},
	author       = {Pfeiffer, Jonas  and Vuli{\'c}, Ivan  and Gurevych, Iryna  and Ruder, Sebastian},
	year         = 2020,
	month        = nov,
	booktitle    = {Proceedings of the 2020 Conference on Empirical Methods in Natural Language Processing (EMNLP)},
	publisher    = {Association for Computational Linguistics},
	address      = {Online},
	pages        = {7654--7673},
	doi          = {10.18653/v1/2020.emnlp-main.617},
	url          = {https://aclanthology.org/2020.emnlp-main.617}
}
@article{joshi-etal-2020-spanbert,
	title        = {{S}pan{BERT}: Improving Pre-training by Representing and Predicting Spans},
	author       = {Joshi, Mandar  and Chen, Danqi  and Liu, Yinhan  and Weld, Daniel S.  and Zettlemoyer, Luke  and Levy, Omer},
	year         = 2020,
	journal      = {Transactions of the Association for Computational Linguistics},
	publisher    = {MIT Press},
	address      = {Cambridge, MA},
	volume       = 8,
	pages        = {64--77},
	doi          = {10.1162/tacl_a_00300},
	url          = {https://aclanthology.org/2020.tacl-1.5}
}
@inproceedings{lopez2020fully,
	title        = {A Fully Hyperbolic Neural Model for Hierarchical Multi-Class Classification},
	author       = {L{\'o}pez, Federico  and Strube, Michael},
	year         = 2020,
	booktitle    = {Findings of the Association for Computational Linguistics: EMNLP 2020},
	publisher    = {Association for Computational Linguistics},
	address      = {Online},
	pages        = {460--475},
	doi          = {10.18653/v1/2020.findings-emnlp.42},
	url          = {https://aclanthology.org/2020.findings-emnlp.42}
}
@inproceedings{wang2020,
	title        = {An Empirical Study of Pre-trained Embedding on Ultra-Fine Entity Typing},
	author       = {Wang, Yanping and Xin, Xin and Guo, Ping},
	year         = 2020,
	booktitle    = {2020 IEEE International Conference on Systems, Man, and Cybernetics (SMC)},
	volume       = {},
	number       = {},
	pages        = {2656--2661},
	doi          = {10.1109/SMC42975.2020.9283464}
}
@inproceedings{li2020closed,
	title        = {Closed Loop Neural-Symbolic Learning via Integrating Neural Perception, Grammar Parsing, and Symbolic Reasoning},
	author       = {Qing Li and Siyuan Huang and Yining Hong and Yixin Chen and Ying Nian Wu and Song{-}Chun Zhu},
	year         = 2020,
	booktitle    = {Proceedings of the 37th International Conference on Machine Learning, {ICML} 2020, 13-18 July 2020, Virtual Event},
	publisher    = {{PMLR}},
	series       = {Proceedings of Machine Learning Research},
	volume       = 119,
	pages        = {5884--5894},
	url          = {http://proceedings.mlr.press/v119/li20f.html},
	bibsource    = {dblp computer science bibliography, https://dblp.org},
	biburl       = {https://dblp.org/rec/conf/icml/LiHHCWZ20.bib},
	timestamp    = {Tue, 15 Dec 2020 00:00:00 +0100}
}
@inproceedings{dai-etal-2020-semantic-relations,
	title        = {Exploiting Semantic Relations for Fine-grained Entity Typing},
	author       = {Hongliang Dai and Yangqiu Song and Xin Li},
	year         = 2020,
	booktitle    = {Conference on Automated Knowledge Base Construction, {AKBC} 2020, Virtual, June 22-24, 2020},
	doi          = {10.24432/C5J017},
	url          = {https://doi.org/10.24432/C5J017},
	bibsource    = {dblp computer science bibliography, https://dblp.org},
	biburl       = {https://dblp.org/rec/conf/akbc/DaiSL20.bib},
	editor       = {Dipanjan Das and Hannaneh Hajishirzi and Andrew McCallum and Sameer Singh},
	timestamp    = {Tue, 12 Jan 2021 16:51:01 +0100}
}
@inproceedings{ren2020FETHI,
	title        = {Fine-Grained Entity Typing with Hierarchical Inference},
	author       = {Ren, Quan},
	year         = 2020,
	booktitle    = {2020 IEEE 4th Information Technology, Networking, Electronic and Automation Control Conference (ITNEC)},
	volume       = 1,
	number       = {},
	pages        = {2552--2558},
	doi          = {10.1109/ITNEC48623.2020.9085112}
}
@inproceedings{chen-etal-2020-hierarchical,
	title        = {Hierarchical Entity Typing via Multi-level Learning to Rank},
	author       = {Chen, Tongfei  and Chen, Yunmo  and Van Durme, Benjamin},
	year         = 2020,
	booktitle    = {Proceedings of the 58th Annual Meeting of the Association for Computational Linguistics},
	publisher    = {Association for Computational Linguistics},
	address      = {Online},
	pages        = {8465--8475},
	doi          = {10.18653/v1/2020.acl-main.749},
	url          = {https://aclanthology.org/2020.acl-main.749}
}
@inproceedings{conditionalTheoremProvers,
	title        = {Learning Reasoning Strategies in End-to-End Differentiable Proving},
	author       = {Pasquale Minervini and Sebastian Riedel and Pontus Stenetorp and Edward Grefenstette and Tim Rockt{\"{a}}schel},
	year         = 2020,
	booktitle    = {Proceedings of the 37th International Conference on Machine Learning, {ICML} 2020, 13-18 July 2020, Virtual Event},
	publisher    = {{PMLR}},
	series       = {Proceedings of Machine Learning Research},
	volume       = 119,
	pages        = {6938--6949},
	url          = {http://proceedings.mlr.press/v119/minervini20a.html},
	bibsource    = {dblp computer science bibliography, https://dblp.org},
	biburl       = {https://dblp.org/rec/conf/icml/Minervini0SGR20.bib},
	timestamp    = {Tue, 15 Dec 2020 00:00:00 +0100}
}
@article{logicalNeuralNetworks,
	title        = {Logical neural networks},
	author       = {Riegel, Ryan and Gray, Alexander and Luus, Francois and Khan, Naweed and Makondo, Ndivhuwo and Akhalwaya, Ismail Yunus and Qian, Haifeng and Fagin, Ronald and Barahona, Francisco and Sharma, Udit and others},
	year         = 2020,
	journal      = {arXiv preprint arXiv:2006.13155},
	url          = {https://arxiv.org/abs/2006.13155}
}
@article{3rdWave,
	title        = {Neurosymbolic AI: the 3rd Wave},
	author       = {Garcez, Artur d'Avila and Lamb, Luis C},
	year         = 2020,
	journal      = {arXiv preprint arXiv:2012.05876},
	url          = {https://arxiv.org/abs/2012.05876}
}
@article{recursiveReasoningNetworks,
	title        = {Ontology reasoning with deep neural networks},
	author       = {Hohenecker, Patrick and Lukasiewicz, Thomas},
	year         = 2020,
	journal      = {Journal of Artificial Intelligence Research},
	volume       = 68,
	pages        = {503--540}
}
@inproceedings{cohen2020scalable,
	title        = {Scalable Neural Methods for Reasoning With a Symbolic Knowledge Base},
	author       = {William W. Cohen and Haitian Sun and R. Alex Hofer and Matthew Siegler},
	year         = 2020,
	booktitle    = {8th International Conference on Learning Representations, {ICLR} 2020, Addis Ababa, Ethiopia, April 26-30, 2020},
	publisher    = {OpenReview.net},
	url          = {https://openreview.net/forum?id=BJlguT4YPr},
	bibsource    = {dblp computer science bibliography, https://dblp.org},
	biburl       = {https://dblp.org/rec/conf/iclr/CohenSHS20.bib},
	timestamp    = {Thu, 07 May 2020 01:00:00 +0200}
}
@article{babic2020survey,
	title        = {Survey of Neural Text Representation Models},
	author       = {Babi{\'c}, Karlo and Martin{\v{c}}i{\'c}-Ip{\v{s}}i{\'c}, Sanda and Me{\v{s}}trovi{\'c}, Ana},
	year         = 2020,
	journal      = {Information},
	publisher    = {Multidisciplinary Digital Publishing Institute},
	volume       = 11,
	number       = 11,
	pages        = 511
}
@article{tensorlog,
	title        = {Tensorlog: A probabilistic database implemented using deep-learning infrastructure},
	author       = {Cohen, William and Yang, Fan and Mazaitis, Kathryn Rivard},
	year         = 2020,
	journal      = {Journal of Artificial Intelligence Research},
	volume       = 67,
	pages        = {285--325}
}
@inproceedings{pfeiffer2021adapterfusion,
	title        = {{A}dapter{F}usion: Non-Destructive Task Composition for Transfer Learning},
	author       = {Pfeiffer, Jonas  and Kamath, Aishwarya  and R{\"u}ckl{\'e}, Andreas  and Cho, Kyunghyun  and Gurevych, Iryna},
	year         = 2021,
	booktitle    = {Proceedings of the 16th Conference of the European Chapter of the Association for Computational Linguistics: Main Volume},
	publisher    = {Association for Computational Linguistics},
	address      = {Online},
	pages        = {487--503},
	url          = {https://aclanthology.org/2021.eacl-main.39}
}

@inproceedings{liu-etal-2021-fine,
	title        = {Fine-grained Entity Typing via Label Reasoning},
	author       = {Liu, Qing  and Lin, Hongyu  and Xiao, Xinyan  and Han, Xianpei  and Sun, Le  and Wu, Hua},
	year         = 2021,
	month        = nov,
	booktitle    = {Proceedings of the 2021 Conference on Empirical Methods in Natural Language Processing},
	publisher    = {Association for Computational Linguistics},
	address      = {Online and Punta Cana, Dominican Republic},
	pages        = {4611--4622},
	doi          = {10.18653/v1/2021.emnlp-main.378},
	url          = {https://aclanthology.org/2021.emnlp-main.378}
}
@inproceedings{onoe-etal-2021-modeling,
	title        = {Modeling Fine-Grained Entity Types with Box Embeddings},
	author       = {Onoe, Yasumasa  and Boratko, Michael  and McCallum, Andrew  and Durrett, Greg},
	year         = 2021,
	month        = aug,
	booktitle    = {Proceedings of the 59th Annual Meeting of the Association for Computational Linguistics and the 11th International Joint Conference on Natural Language Processing (Volume 1: Long Papers)},
	publisher    = {Association for Computational Linguistics},
	address      = {Online},
	pages        = {2051--2064},
	doi          = {10.18653/v1/2021.acl-long.160},
	url          = {https://aclanthology.org/2021.acl-long.160}
}
@article{Hou2021,
	title        = {Transfer learning for fine-grained entity typing},
	author       = {Hou, Feng and Wang, Ruili and Zhou, Yi},
	year         = 2021,
	month        = {Apr},
	day          = {01},
	journal      = {Knowledge and Information Systems},
	volume       = 63,
	number       = 4,
	pages        = {845--866},
	doi          = {10.1007/s10115-021-01549-5},
	issn         = {0219-3116},
	url          = {https://doi.org/10.1007/s10115-021-01549-5}
}
@inproceedings{dai-etal-2021-ultra,
	title        = {Ultra-Fine Entity Typing with Weak Supervision from a Masked Language Model},
	author       = {Dai, Hongliang  and Song, Yangqiu  and Wang, Haixun},
	year         = 2021,
	booktitle    = {Proceedings of the 59th Annual Meeting of the Association for Computational Linguistics and the 11th International Joint Conference on Natural Language Processing (Volume 1: Long Papers)},
	publisher    = {Association for Computational Linguistics},
	address      = {Online},
	pages        = {1790--1799},
	doi          = {10.18653/v1/2021.acl-long.141},
	url          = {https://aclanthology.org/2021.acl-long.141}
}
@article{sarker2021neuro,
  title={Neuro-symbolic artificial intelligence},
  author={Sarker, Md Kamruzzaman and Zhou, Lu and Eberhart, Aaron and Hitzler, Pascal},
  journal={AI Communications},
  number={Preprint},
  pages={1--13},
  year={2021},
  publisher={IOS Press}
}
@article{analyzingDiffFuzzyLogic,
	title        = {Analyzing differentiable fuzzy logic operators},
	author       = {van Krieken, Emile and Acar, Erman and van Harmelen, Frank},
	year         = 2022,
	journal      = {Artificial Intelligence},
	publisher    = {Elsevier},
	volume       = 302,
	pages        = 103602
}

@article{ltn,
	title        = {Logic Tensor Networks},
	author       = {Samy Badreddine and Artur {d'Avila Garcez} and Luciano Serafini and Michael Spranger},
	year         = 2022,
	journal      = {Artificial Intelligence},
	volume       = 303,
	pages        = 103649,
	doi          = {https://doi.org/10.1016/j.artint.2021.103649},
	issn         = {0004-3702},
	url          = {https://www.sciencedirect.com/science/article/pii/S0004370221002009},
	keywords     = {Neurosymbolic AI, Deep learning and reasoning, Many-valued logics}
}

@inproceedings{bollacker2008freebase,
  title={Freebase: a collaboratively created graph database for structuring human knowledge},
  author={Bollacker, Kurt and Evans, Colin and Paritosh, Praveen and Sturge, Tim and Taylor, Jamie},
  booktitle={Proceedings of the 2008 ACM SIGMOD international conference on Management of data},
  pages={1247--1250},
  year={2008}
}